@book{heim1998semantics,
  title={Semantics in generative grammar},
  author={Heim, Irene and Kratzer, Angelika},
  volume={13},
  year={1998},
  publisher={Blackwell Oxford}
}

@inproceedings{fang2015embodied,
  title={Embodied Collaborative Referring Expression Generation in Situated Human-Robot Interaction},
  author={Fang, Rui and Doering, Malcolm and Chai, Joyce Y},
  booktitle={Proceedings of the Tenth Annual ACM/IEEE International Conference on Human-Robot Interaction},
  pages={271--278},
  year={2015},
  organization={ACM}
}

@inproceedings{UW_RSE_ICML2012,
        author = {Cynthia Matuszek and Nicholas FitzGerald and Luke Zettlemoyer and Liefeng Bo and Dieter Fox},
        booktitle = {Proc.~of the 2012 International Conference on Machine Learning},
        title = {{A Joint Model of Language and Perception for Grounded Attribute Learning}},
        month = {June},
        address = {Edinburgh, Scotland},
        year = {2012}
}

@article{artzi2013weakly,
  title={Weakly supervised learning of semantic parsers for mapping instructions to actions},
  author={Artzi, Yoav and Zettlemoyer, Luke},
  journal={Transactions of the Association for Computational Linguistics},
  volume={1},
  pages={49--62},
  year={2013}
}

@inproceedings{fitzgerald2013learning,
  title={Learning Distributions over Logical Forms for Referring Expression Generation.},
  author={FitzGerald, Nicholas and Artzi, Yoav and Zettlemoyer, Luke S},
  booktitle={EMNLP},
  pages={1914--1925},
  year={2013}
}

@article{collins95,
  author    = {Michael Collins and
               James Brooks},
  title     = {Prepositional Phrase Attachment through a Backed-Off Model},
  journal   = {CoRR},
  volume    = {abs/cmp-lg/9506021},
  year      = {1995},
  url       = {http://arxiv.org/abs/cmp-lg/9506021},
  timestamp = {Tue, 07 Feb 4431668 16:49:20 +},
  biburl    = {http://dblp.uni-trier.de/rec/bib/journals/corr/abs-cmp-lg-9506021},
  bibsource = {dblp computer science bibliography, http://dblp.org}
}

@unpublished{McCallumMALLET,
      author = "Andrew Kachites McCallum",
      title = "MALLET: A Machine Learning for Language Toolkit",
      note = "http://mallet.cs.umass.edu",
      year = 2002}

@article{barbu13,
  author    = {Andrei Barbu and
               Siddharth Narayanaswamy and
               Jeffrey Mark Siskind},
  title     = {Saying What You're Looking For: Linguistics Meets Video Search},
  journal   = {CoRR},
  volume    = {abs/1309.5174},
  year      = {2013},
  url       = {http://arxiv.org/abs/1309.5174},
  timestamp = {Sun, 21 Sep 4460200 03:55:12 +},
  biburl    = {http://dblp.uni-trier.de/rec/bib/journals/corr/BarbuNS13},
  bibsource = {dblp computer science bibliography, http://dblp.org}
}

@article{rudzicz03,
  author    = {Frank Rudzicz and
               Serguei A. Mokhov},
  title     = {Towards a Heuristic Categorization of Prepositional Phrases in English
               with WordNet},
  journal   = {CoRR},
  volume    = {abs/1002.1095},
  year      = {2003},
  url       = {http://arxiv.org/abs/1002.1095},
  timestamp = {Mon, 07 Jul 4455338 21:14:08 +},
  biburl    = {http://dblp.uni-trier.de/rec/bib/journals/corr/abs-1002-1095},
  bibsource = {dblp computer science bibliography, http://dblp.org}
}

@article{jiyou04,
  author    = {Jiyou Jia},
  title     = {{NLML} - a Markup Language to Describe the Unlimited English Grammar},
  journal   = {CoRR},
  volume    = {cs.CL/0404018},
  year      = {2004},
  url       = {http://arxiv.org/abs/cs.CL/0404018},
  timestamp = {Thu, 07 Jan 4435599 02:46:40 +},
  biburl    = {http://dblp.uni-trier.de/rec/bib/journals/corr/cs-CL-0404018},
  bibsource = {dblp computer science bibliography, http://dblp.org}
}

@article{ratna98,
  author    = {Adwait Ratnaparkhi},
  title     = {Statistical Models for Unsupervised Prepositional Phrase Attachment},
  journal   = {CoRR},
  volume    = {cmp-lg/9807011},
  year      = {1998},
  url       = {http://arxiv.org/abs/cmp-lg/9807011},
  timestamp = {Sun, 27 Feb 4431476 23:06:56 +},
  biburl    = {http://dblp.uni-trier.de/rec/bib/journals/corr/cmp-lg-9807011},
  bibsource = {dblp computer science bibliography, http://dblp.org}
}

@article{merlo97,
  author    = {Paola Merlo and
               Matthew W. Crocker and
               Cathy Berthouzoz},
  title     = {Attaching Multiple Prepositional Phrases: Generalized Backed-off Estimation},
  journal   = {CoRR},
  volume    = {cmp-lg/9710005},
  year      = {1997},
  url       = {http://arxiv.org/abs/cmp-lg/9710005},
  timestamp = {Sun, 10 Jun 4439742 22:03:12 +},
  biburl    = {http://dblp.uni-trier.de/rec/bib/journals/corr/cmp-lg-9710005},
  bibsource = {dblp computer science bibliography, http://dblp.org}
}

@INPROCEEDINGS{brill94,
   author = {{Brill}, E. and {Resnik}, P.},
    title = "{A Rule-Based Approach To Prepositional Phrase Attachment Disambiguation}",
 keywords = {Computer Science - Computation and Language},
booktitle = {eprint arXiv:cmp-lg/9410026},
     year = 1994,
    month = oct,
    pages = {10026},
   adsurl = {http://adsabs.harvard.edu/abs/1994cmp.lg...10026B},
  adsnote = {Provided by the SAO/NASA Astrophysics Data System}
}

@inproceedings{dahlgrenM86,
  author    = {Kathleen Dahlgren and
               Joyce P. McDowell},
  title     = {Using Commonsense Knowledge to Disambiguate Prepositional Phrase Modifiers},
  booktitle = {Proceedings of the 5th National Conference on Artificial Intelligence.
               Philadelphia, PA, August 11-15, 1986. Volume 1: Science.},
  pages     = {589--593},
  year      = {1986},
  crossref  = {DBLP:conf/aaai/1986-1},
  url       = {http://www.aaai.org/Library/AAAI/1986/aaai86-100.php},
  timestamp = {Wed, 12 Dec 2012 15:08:21 +0100},
  biburl    = {http://dblp.uni-trier.de/rec/bib/conf/aaai/DahlgrenM86},
  bibsource = {dblp computer science bibliography, http://dblp.org}
}
@article{liang2013learning,
  title={Learning dependency-based compositional semantics},
  author={Liang, Percy and Jordan, Michael I and Klein, Dan},
  journal={Computational Linguistics},
  volume={39},
  number={2},
  pages={389--446},
  year={2013},
  publisher={MIT Press}
}
@inproceedings{tellex2011understanding,
  title={Understanding Natural Language Commands for Robotic Navigation and Mobile Manipulation.},
  author={Tellex, Stefanie and Kollar, Thomas and Dickerson, Steven and Walter, Matthew R and Banerjee, Ashis Gopal and Teller, Seth J and Roy, Nicholas},
  booktitle={AAAI},
  year={2011}
}
